@article{r1,
  author={https://www.electronique-radioamateur.fr/radio/antenne/antenne-yagi.php},
}

@article{r2,
  title={Le gain d'une antenne Yagi-Uda},
  author={Marc Hummel, Simone Mayor},
  year={2015},
  journal={https://f5zv.pagesperso-orange.fr/RADIO/RM/RM08/RM08y/RM08y03.html},
}

